@online{
    adafruit,
    title = "Adafruit ItsyBitsy M0 Express",
    url  = "https://www.adafruit.com/product/3727",
    addendum = "(accessed: 28.09.2023)",
}
