@online{
    adafruit,
    title = "Adafruit ItsyBitsy M0 Express",
    url  = "https://www.adafruit.com/product/3727",
    % addendum = "(accessed: 28.09.2023)",
    urldate = "2023-08-28",
}

@online{
    arm,
    title = "List of ARM processors",
    url  = "https://en.wikipedia.org/wiki/List_of_ARM_processors",
    % addendum = "(accessed: 28.09.2023)",
    urldate = "2023-09-28",
}

@online{
    arduino,
    title = "Arduino Due",
    url  = "https://docs.arduino.cc/hardware/due/",
    % addendum = "(accessed: 18.03.2024)",
    urldate = "2024-03-18",
}

@online{
    raspberry,
    title = "RaspberryPi model 3B",
    url  = "https://www.raspberrypi.com/products/raspberry-pi-3-model-b/",
    % addendum = "(accessed: 14.11.2023)",
    urldate = "2023-11-11",
}

@online{
    lightweight,
    title = "Lightweight Cryptography Applicable to Various IoT Devices",
    url = "https://www.nec.com/en/global/techrep/journal/g17/n01/170114.html",
    % addendum = "(accessed: 27.02.2024)",
    urldate = "2024-02-27",
}

@online{
    ascon-contact,
    title = "Ascon contact",
    url = "https://ascon.iaik.tugraz.at/contact.html",
    % addendum = "{accessed: 27.02.2024}",
    urldate = "2024-02-27",
}

@online{
    ascon-overview,
    title = "Ascon overview",
    url = "https://ascon.iaik.tugraz.at/index.html",
    % addendum = "{accessed: 27.02.2024}",
    urldate = "2024-02-27",
}

@online {
    ascon-specification,
    title = "Ascon specification",
    url = "https://ascon.iaik.tugraz.at/specification.html",
    % addendum = "{accessed: 04.03.2024}",
    urldate = "2024-04-03",
}

@online {
    ascon-specification-pdf,
    title = "The Ascon Family: Lightweight Authenticated Encryption, Hashing, and More",
    url = "https://csrc.nist.gov/csrc/media/Presentations/2023/the-ascon-family/images-media/june-21-mendel-the-ascon-family.pdf",
    % addendum = "{accessed: 04.03.2024}",
    urldate = "2024-03-04",
}

@online {
    github,
    title = "Repository Github di ASCON",
    url = "https://github.com/ascon/ascon-c",
    % addendum = "{accessed: 04.03.2024}",
    urldate = "2024-03-04",
}

@online {
    iot-intro,
    title = "What is the IoT? - Introduction",
    url = "https://www.ibm.com/topics/internet-of-things",
    % addendum = "{accessed: 11.03.2024}",
    urldate = "2024-03-11",
}

@online {
    iot-challenge-1,
    title = "What is the IoT? - Risks and challenges in IoT",
    url = "https://www.ibm.com/topics/internet-of-things",
    % addendum = "{accessed: 11.03.2024}",
    urldate = "2024-03-11",
}

@online {
    iot-challenge-2,
    title = "Introduction to IoT - Challenges and Future Directions",
    url = "https://arxiv.org/pdf/2312.06689.pdf",
    % addendum = "{accessed: 11.03.2024}",
    urldate = "2024-03-11",
}

@online {
    iot-vantaggi,
    title = "Introduction to IoT - Advantages of IoT",
    url = "https://arxiv.org/pdf/2312.06689.pdf",
    % addendum = "{accessed: 11.03.2024}",
    urldate = "2024-03-11",
}

@online {
    hcp,
    title = "Cos'è l'HCP?",
    url = "https://www.ibm.com/it-it/topics/hpc",
    % addendum = "{accessed: 11.03.2024}",
    urldate = "2024-03-11",
}

@online {
    iot-use,
    title = "Che cos'è l'IoT?",
    url = "https://www.oracle.com/it/internet-of-things/what-is-iot/#industries-iot",
    % addendum = "{accessed: 12.03.2024}",
    urldate = "2024-03-12",
}

@online {
    iot-embedded,
    title = "Sistemi embedded: cosa sono e a cosa servono",
    url = "https://www.internet4things.it/iot-library/sistemi-embedded-cosa-sono-e-a-cosa-servono/",
    % addendum = "{accessed: 12.03.2024}",
    urldate = "2024-03-12",
}

@online {
    nist-competition,
    title = "Lightweight Cryptography - Overview",
    url = "https://csrc.nist.gov/Projects/Lightweight-Cryptography",
    % addendum = "{accessed: 19.03.2024}",
    urldate = "2024-03-19",
}

@online {
    nist-timeline,
    title = "Lightweight Cryptography - Timeline",
    url = "https://csrc.nist.gov/projects/lightweight-cryptography/timeline",
    % addendum = "{accessed: 19.03.2024}",
    urldate = "2024-03-19",
}

@online {
    nist-round-1,
    title = "Lightweight Cryptography - Round 1",
    url = "https://csrc.nist.gov/Projects/lightweight-cryptography/round-1-candidates",
    % addendum = "{accessed: 19.03.2024}",
    urldate = "2024-03-19",
}

@online {
    nist-round-2,
    title = "Lightweight Cryptography - Round 2",
    url = "https://csrc.nist.gov/Projects/lightweight-cryptography/round-2-candidates",
    % addendum = "{accessed: 19.03.2024}",
    urldate = "2024-03-19",
}
